<?xml version="1.0" encoding="UTF-8"?><collection xmlns="http://www.loc.gov/MARC21/slim"><record><leader>00432nam--2200133-i-4500</leader><controlfield tag="001">000048119</controlfield><controlfield tag="002">20161230</controlfield><controlfield tag="005">20161230201046</controlfield><controlfield tag="008">060222s1000------------r-----000-0-eng-d</controlfield><datafield ind1=" " ind2=" " tag="080"><subfield code="a">681.14:015:518.5</subfield></datafield><datafield ind1=" " ind2=" " tag="100"><subfield code="a">Zirphile, Jean</subfield></datafield><datafield ind1=" " ind2=" " tag="245"><subfield code="a">Contribution a l`etude du traitement d`informations utilisant la representation stochastique</subfield></datafield><datafield ind1=" " ind2=" " tag="260"><subfield code="a">Grenoble, Universite Scientifique Et Medicle De Grenoble, 1972, /P.Dif.</subfield></datafield><datafield ind1=" " ind2=" " tag="852"><subfield code="a">38005</subfield></datafield></record></collection>